@book{berkovich-1990,
	author    = {Berkovich, Vladimir},
	title     = {Spectral theory and analytic geometry over non-{A}rchimedean fields},
	series    = {Mathematical Surveys and Monographs},
	volume    = {33},
	year      = {1990},
	publisher = {Amer. Math. Soc.}
}

@book{bosch-2014,
	author    = {Bosch, Siegfried},
	title     = {Lectures on formal and rigid geometry},
	series    = {Lecture Notes in Mathematics},
	volume    = {2105},
	publisher = {Springer},
	year      = {2014}
}

@incollection{conrad-2008,
	author    = {Conrad, Brian},
	title     = {Several approaches to non-{A}rchimedean geometry},
	booktitle = {{$p$}-adic geometry},
	series    = {University Lecture Series},
	volume    = {45},
	pages     = {9--63},
	publisher = {Amer. Math. Soc.},
	year      = {2008}
}
